@book{shifrin2004multivariable,
  title={Multivariable Mathematics: Linear Algebra, Multivariable Calculus, and Manifolds},
  author={Shifrin, T.},
  isbn={9780471526384},
  lccn={2003069373},
  url={https://books.google.co.in/books?id=uEgzDwAAQBAJ},
  year={2004},
  publisher={Wiley}
}
@book{spivak1971calculus,
  title={Calculus On Manifolds: A Modern Approach To Classical Theorems Of Advanced Calculus},
  author={Spivak, M.},
  isbn={9780813346120},
  url={https://books.google.co.in/books?id=epA4DgAAQBAJ},
  year={1971},
  publisher={Avalon Publishing}
}
@book{tu2010introduction,
  title={An Introduction to Manifolds},
  author={Tu, L.W.},
  isbn={9781441974006},
  lccn={2010936466},
  series={Universitext},
  url={https://books.google.co.in/books?id=xQsTJJGsgs4C},
  year={2010},
  publisher={Springer New York}
}
@book{hubbard2009vector,
  title={Vector Calculus, Linear Algebra, and Differential Forms: A Unified Approach},
  author={Hubbard, J.H. and Hubbard, B.B.},
  isbn={9780971576674},
  lccn={2009016333},
  url={https://books.google.co.in/books?id=btJ-XwAACAAJ},
  year={2009},
  publisher={Matrix Editions}
}

@book{armstrong2013basic,
  title={Basic Topology},
  author={Armstrong, M.A.},
  isbn={9781475717938},
  series={Undergraduate Texts in Mathematics},
  url={https://books.google.co.in/books?id=NJbuBwAAQBAJ},
  year={2013},
  publisher={Springer New York}
}

@article{presman2012generalized,
  title={The generalized stokesâ€™ theorem},
  author={Presman, Rick},
  journal={Research Experiences for Undergraduates, University of Chicago},
  year={2012}
}


@misc{formsplaylist,
  author = {Math 3500/10},
  title = {Differential Forms},
  year = {2014},
  howpublished = {\url{https://youtube.com/playlist?list=PLgDV2y4Xrx7N4RnMj_gek2JfiT2SlsVm8&feature=shared}},
  note = {Accessed: 2024-06-28}
}